<?xml version="1.0" encoding="UTF-8"?><collection xmlns="http://www.loc.gov/MARC21/slim"><record><leader>00573nam--2200205-u-4500</leader><controlfield tag="001">000052065</controlfield><controlfield tag="002">20161230</controlfield><controlfield tag="005">20161230201049</controlfield><controlfield tag="008">090615s1000------------r-----000-0-eng-d</controlfield><datafield ind1=" " ind2=" " tag="020"><subfield code="a">0-521-52999-9</subfield></datafield><datafield ind1=" " ind2=" " tag="040"><subfield code="a">IFIN-HH</subfield></datafield><datafield ind1=" " ind2=" " tag="080"><subfield code="a">517</subfield></datafield><datafield ind1="1" ind2=" " tag="100"><subfield code="a">Mason,Lionel(red.)</subfield></datafield><datafield ind1="1" ind2=" " tag="245"><subfield code="a">Geometry and Integrability</subfield></datafield><datafield ind1=" " ind2=" " tag="260"><subfield code="a">Cambridge</subfield><subfield code="b">Univ.Press</subfield><subfield code="c">2003</subfield></datafield><datafield ind1=" " ind2=" " tag="490"><subfield code="a">London Mathematical Society. Lecture note Series</subfield><subfield code="v">vol.295</subfield></datafield><datafield ind1=" " ind2=" " tag="504"><subfield code="a">Geometry</subfield></datafield><datafield ind1=" " ind2="4" tag="650"><subfield code="a">Includes Bibliographical References and Index</subfield></datafield><datafield ind1=" " ind2=" " tag="852"><subfield code="a">81628</subfield><subfield code="c">517.9</subfield></datafield><datafield ind1=" " ind2=" " tag="CAT"><subfield code="a">Sys</subfield><subfield code="c">20090615</subfield><subfield code="h">064327</subfield></datafield></record></collection>